% Encoding: UTF-8

@Book{van2018performance,
  title     = {Performance and adoption factors for open pollinated and hybrid maize varieties: Evidence from farmersâ€™ fields in northern Ghana},
  publisher = {Intl Food Policy Res Inst},
  year      = {2018},
  author    = {Van Asselt, Joanna and DI Battista, Federica and Kolavalli, Shashidhara and Udry, Christopher R and Baker, Nate},
  volume    = {45},
}

@Article{trussler2014consumer,
  author    = {Trussler, Marc and Soroka, Stuart},
  title     = {Consumer demand for cynical and negative news frames},
  journal   = {The International Journal of Press/Politics},
  year      = {2014},
  volume    = {19},
  number    = {3},
  pages     = {360--379},
  publisher = {Sage Publications Sage CA: Los Angeles, CA},
}

@Article{soroka2019cross,
  author    = {Soroka, Stuart and Fournier, Patrick and Nir, Lilach},
  title     = {Cross-national evidence of a negativity bias in psychophysiological reactions to news},
  journal   = {Proceedings of the National Academy of Sciences},
  year      = {2019},
  volume    = {116},
  number    = {38},
  pages     = {18888--18892},
  publisher = {National Acad Sciences},
}

@Article{rozin2001negativity,
  author    = {Rozin, Paul and Royzman, Edward B},
  title     = {Negativity bias, negativity dominance, and contagion},
  journal   = {Personality and social psychology review},
  year      = {2001},
  volume    = {5},
  number    = {4},
  pages     = {296--320},
  publisher = {Sage Publications Sage CA: Los Angeles, CA},
}

@Comment{jabref-meta: databaseType:bibtex;}
